@inproceedings {201600,
author = {Se Kwon Lee and K. Hyun Lim and Hyunsub Song and Beomseok Nam and Sam H. Noh},
title = {{WORT}: Write Optimal Radix Tree for Persistent Memory Storage Systems},
booktitle = {15th {USENIX} Conference on File and Storage Technologies ({FAST} 17)},
year = {2017},
isbn = {978-1-931971-36-2},
address = {Santa Clara, CA},
pages = {257--270},
url = {https://www.usenix.org/conference/fast17/technical-sessions/presentation/lee-se-kwon},
publisher = {{USENIX} Association},
month = feb,
}

@article{Jonsson:2009:SEC:1556444.1556453,
 author = {Jonsson, Bengt},
 title = {State-space Exploration for Concurrent Algorithms Under Weak Memory Orderings: (Preliminary Version)},
 journal = {SIGARCH Comput. Archit. News},
 issue_date = {December 2008},
 volume = {36},
 number = {5},
 month = jun,
 year = {2009},
 issn = {0163-5964},
 pages = {65--71},
 numpages = {7},
 url = {http://doi.acm.org/10.1145/1556444.1556453},
 doi = {10.1145/1556444.1556453},
 acmid = {1556453},
 publisher = {ACM},
 address = {New York, NY, USA},
}

@misc{Lwn.net-Verify,
  author = {PaulMcKenny},
  title = {Using Promela and Spin to Verify Parallel Algorithms},
  howpublished = "\url{https://lwn.net/Articles/243851/}",
  year = {2007},
  note = "[Online; accessed 18-October-2019]"
}

@misc{Lwn.net-Spin,
  author = {Renox},
  title = {Validating Memory Barriers and Atomic Instructions},
  howpublished = "\url{https://lwn.net/Articles/470681/}",
  year = {2011},
  note = "[Online; accessed 18-October-2019]"
}

@inproceedings {183941,
  author = {Philip Lantz and Subramanya Dulloor and Sanjay Kumar and Rajesh
    Sankaran and Jeff Jackson},
  title = {Yat: A Validation Framework for Persistent Memory Software},
  booktitle = {2014 {USENIX} Annual Technical Conference ({USENIX} {ATC} 14)},
  year = {2014},
  isbn = {978-1-931971-10-2},
  address = {Philadelphia, PA},
  pages = {433--438},
  url =
  {https://www.usenix.org/conference/atc14/technical-sessions/presentation/lantz},
  publisher = {{USENIX} Association},
  month = jun,
}

@InProceedings{LeeEtAl19-Recipe,
  title =        "{RECIPE: Converting Concurrent DRAM Indexes to
    Persistent-Memory Indexes}",
  author =       "Se Kwon Lee and  Jayashree Mohan and  Sanidhya Kashyap and
    Taesoo Kim and  Vijay Chidambaram",
  booktitle =    "Proceedings of the 27th ACM Symposium on Operating
    Systems Principles (SOSP '19)",
  month =        "October",
  year =         "2019",
  address =      "Ontario, Canada",
}

@inproceedings{Liu:2019:PFF:3297858.3304015,
  author = {Liu, Sihang and Wei, Yizhou and Zhao, Jishen and Kolli, Aasheesh
    and Khan, Samira},
  title = {PMTest: A Fast and Flexible Testing Framework for Persistent Memory
    Programs},
  booktitle = {Proceedings of the Twenty-Fourth International Conference on
    Architectural Support for Programming Languages and Operating Systems},
  series = {ASPLOS '19},
  year = {2019},
  isbn = {978-1-4503-6240-5},
  location = {Providence, RI, USA},
  pages = {411--425},
  numpages = {15},
  url = {http://doi.acm.org/10.1145/3297858.3304015},
  doi = {10.1145/3297858.3304015},
  acmid = {3304015},
  publisher = {ACM},
  address = {New York, NY, USA},
  keywords = {crash consistency, debugging, persistent memory,
    testing},
}

@inproceedings{Linden:2011:VAM:2032692.2032707,
  author = {Linden, Alexander and Wolper, Pierre},
  title = {A Verification-based Approach to Memory Fence Insertion in Relaxed
    Memory Systems},
  booktitle = {Proceedings of the 18th International SPIN Conference on Model
    Checking Software},
  year = {2011},
  isbn = {978-3-642-22305-1},
  location = {Snowbird, UT},
  pages = {144--160},
  numpages = {17},
  url = {http://dl.acm.org/citation.cfm?id=2032692.2032707},
  acmid = {2032707},
  publisher = {Springer-Verlag},
  address = {Berlin, Heidelberg},
}

@inproceedings{o2009model,
  title={Model checking transactional memory with Spin},
  author={O'Leary, John and Saha, Bratin and Tuttle, Mark R},
  booktitle={2009 29th IEEE International Conference on Distributed
    Computing Systems},
  pages={335--342},
  year={2009},
  organization={IEEE}
}

@inproceedings{iiboshi2018towards,
  title={Towards Model Checking Library for Persistent Data Structures},
  author={Iiboshi, Hiroyuki and Ugawa, Tomoharu},
  booktitle={2018 IEEE 7th Non-Volatile Memory Systems and Applications
    Symposium (NVMSA)},
  pages={119--120},
  year={2018},
  organization={IEEE}
}

@inproceedings{burnim2011testing,
  title={Testing concurrent programs on relaxed memory models},
  author={Burnim, Jacob and Sen, Koushik and Stergiou, Christos},
  booktitle={Proceedings of the 2011 International Symposium on Software
    Testing and Analysis},
  pages={122--132},
  year={2011},
  organization={ACM}
}

@inproceedings{burckhardt2007checkfence,
  title={CheckFence: checking consistency of concurrent data types on relaxed
    memory models},
  author={Burckhardt, Sebastian and Alur, Rajeev and Martin, Milo MK},
  booktitle={ACM SIGPLAN Notices},
  volume={42},
  number={6},
  pages={12--21},
  year={2007},
  organization={ACM}
}

@inproceedings{Zhang:2015:DPO:2737924.2737956,
  author = {Zhang, Naling and Kusano, Markus and Wang, Chao},
  title = {Dynamic Partial Order Reduction for Relaxed Memory Models},
  booktitle = {Proceedings of the 36th ACM SIGPLAN Conference on Programming
    Language Design and Implementation},
  series = {PLDI '15},
  year = {2015},
  isbn = {978-1-4503-3468-6},
  location = {Portland, OR, USA},
  pages = {250--259},
  numpages = {10},
  url = {http://doi.acm.org/10.1145/2737924.2737956},
  doi = {10.1145/2737924.2737956},
  acmid = {2737956},
  publisher = {ACM},
  address = {New York, NY, USA},
  keywords = {DPOR, PSO, Stateless model checking, TSO, partial
    order reduction, relaxed memory model, runtime verification},
}

@article{blelloch2018parallel,
  title={The parallel persistent memory model},
  author={Blelloch, Guy E and Gibbons, Phillip B and Gu, Yan and McGuffey,
    Charles and Shun, Julian},
  journal={arXiv preprint arXiv:1805.05580},
  year={2018}
}

@inproceedings{kuperstein2011partial,
  title={Partial-coherence abstractions for relaxed memory models},
  author={Kuperstein, Michael and Vechev, Martin and Yahav, Eran},
  booktitle={ACM SIGPLAN Notices},
  volume={46},
  number={6},
  pages={187--198},
  year={2011},
  organization={ACM}
}

@article{article,
author = {Burckhardt, Sebastian},
year = {2007},
month = {01},
pages = {},
title = {Memory model sensitive analysis of concurrent data types},
journal = {Dissertations available from ProQuest}
}
